@article{wang1998line,
  title={Line generalization based on analysis of shape characteristics},
  author={Wang, Zeshen and M{\"u}ller, Jean-Claude},
  journal={Cartography and Geographic Information Systems},
  volume={25},
  number={1},
  pages={3--15},
  year={1998},
  publisher={Taylor \& Francis}
}

@article{Kolanowski_2018,
    title={Cartographic Line Generalization Based on Radius of Curvature Analysis},
    volume={7},
    ISSN={2220-9964},
    url={http://dx.doi.org/10.3390/ijgi7120477},
    DOI={10.3390/ijgi7120477},
    number={12},
    journal={ISPRS International Journal of Geo-Information},
    publisher={MDPI AG},
    author={Kolanowski, Bogdan and Augustyniak, Jacek and Latos, Dorota},
    year={2018},
    month={12},
    pages={477}
}

@article{visvalingam1993line,
  title={Line generalisation by repeated elimination of points},
  author={Visvalingam, Maheswari and Whyatt, James D},
  journal={The cartographic journal},
  volume={30},
  number={1},
  pages={46--51},
  year={1993},
  publisher={Taylor \& Francis}
}

@article{muller1991generalization,
  title={Generalization of spatial databases},
  author={Muller, Jean-Claude},
  journal={Geographical information systems},
  volume={1},
  pages={457--475},
  year={1991},
  publisher={John Wiley and Sons}
}

@article{miuller1995generalization,
    title={Generalization-state of the art and issues},
    author={Miuller, JC and Weibel, R and Lagrange, J and {\"E}alge, F},
    journal={GIS and Generalisation: Methodology and Practice},
    pages={3--17},
    year={1995}
}

@inproceedings{mcmaster1992generalization,
  title={Generalization in digital cartography},
  author={McMaster, Robert Brainerd and Shea, K Stuart},
  year={1992},
  organization={Association of American Geographers Washington, DC}
}

@article{douglas1973algorithms,
  title={Algorithms for the reduction of the number of points required to represent a digitized line or its caricature},
  author={Douglas, David H and Peucker, Thomas K},
  journal={Cartographica: the international journal for geographic information and geovisualization},
  volume={10},
  number={2},
  pages={112--122},
  year={1973},
  publisher={University of Toronto Press}
}

% Algorithms for generalization, not reaching satisfactory results
@inproceedings{monmonier1986toward,
  title={Toward a practicable model of cartographic generalisation.},
  author={Monmonier, Mark},
  booktitle={Auto Carto London. Proc. conference, 1986. Vol. 2},
  pages={257--266},
  year={1986},
  organization={distributed Royal Institution of Chartered Surveyors}
}
@inproceedings{mcmaster1993spatial,
  title={A spatial-object level organization of transformations for cartographic generalization},
  author={McMaster, RB and Barnett, Leone},
  booktitle={AUTOCARTO-CONFERENCE-},
  pages={386--386},
  year={1993},
  organization={Citeseer}
}
@inproceedings{jiang2003line,
  title={Line simplification using self-organizing maps},
  author={Jiang, Bin and Nakos, Byron},
  booktitle={Proceedings of the ISPRS Workshop on Spatial Analysis and Decision Making, Hong Kong, China},
  pages={3--5},
  year={2003}
}
@article{dyken2009simultaneous,
  title={Simultaneous curve simplification},
  author={Dyken, Christopher and D{\ae}hlen, Morten and Sevaldrud, Thomas},
  journal={Journal of geographical systems},
  volume={11},
  number={3},
  pages={273--289},
  year={2009},
  publisher={Springer}
}
@article{mustafa2006dynamic,
  title={Dynamic simplification and visualization of large maps},
  author={Mustafa, Nabil and Krishnan, Shankar and Varadhan, Gokul and Venkatasubramanian, Suresh},
  journal={International Journal of Geographical Information Science},
  volume={20},
  number={3},
  pages={273--302},
  year={2006},
  publisher={Taylor \& Francis}
}
@article{nollenburg2008morphing,
  title={Morphing polylines: A step towards continuous generalization},
  author={N{\"o}llenburg, Martin and Merrick, Damian and Wolff, Alexander and Benkert, Marc},
  journal={Computers, Environment and Urban Systems},
  volume={32},
  number={4},
  pages={248--260},
  year={2008},
  publisher={Elsevier}
}
@inproceedings{stanislawski2012automated,
  title={Automated metric assessment of line simplification in humid landscapes},
  author={Stanislawski, Lawrence V and Raposo, Paulo and Howard, Michael and Buttenfield, Barbara P},
  booktitle={Proceedings of the AutoCarto},
  year={2012}
}

% LIKELY UNNEEDED
@book{buttenfield1991map,
  title={Map Generalization: Making rules for knowledge representation},
  author={Buttenfield, Barbara Pfeil and McMaster, Robert Brainerd},
  year={1991},
  publisher={Longman Scientific \& Technical London}
}

@article{chaikin1974algorithm,
  title={An algorithm for high-speed curve generation},
  author={Chaikin, George Merrill},
  journal={Computer graphics and image processing},
  volume={3},
  number={4},
  pages={346--349},
  year={1974},
  publisher={Elsevier}
}

@article{knuth1976big,
  title={Big omicron and big omega and big theta},
  author={Knuth, Donald E},
  journal={ACM Sigact News},
  volume={8},
  number={2},
  pages={18--24},
  year={1976},
  publisher={ACM New York, NY, USA}
}

@book{bachmann1894analytische,
  title={Die analytische zahlentheorie},
  author={Bachmann, Paul},
  volume={2},
  year={1894},
  publisher={Teubner}
}

@article{landau1911,
    title={Handbuch der Lehre von der Verteilung der Primzahlen},
    journal={Monatshefte f{\"u}r Mathematik und Physik},
    year={1911},
    month={12},
    day={01},
    volume={22},
    number={1},
    pages={A26-A26},
    issn={1436-5081},
    doi={10.1007/BF01742852},
}

@online{mappingunits,
  author={Aileen Buckley},
  title={Guidelines for minimum size for text and symbols on maps},
  date={2008-01-16},
  url={https://www.esri.com/arcgis-blog/products/product/mapping/guidelines-for-minimum-size-for-text-and-symbols-on-maps/},
  organization={Esri},
  urldate={2021-05-03},
}

@online{cartoucheMinimalDimensions,
  author={CartouCHe},
  title={Cartographic Design for Screen Maps},
  subtitle={Minimum Dimensions},
  date={2012-01-26},
  url={http://www.e-cartouche.ch/content_reg/cartouche/cartdesign/en/html/GenRules_learningObject3.html},
  urldate={2021-05-03},
}

@online{epsg3857,
  author={MapTiler Team},
  title={WGS 84/Pseudo-Mercator},
  url={https://epsg.io/3857},
  urldate={2021-05-03},
}

@online{postgis311,
  author={PostGIS Team},
  title={PostGIS 3.1.1},
  url={https://postgis.net/2021/01/28/postgis-3.1.1/},
  urldate={2021-05-12},
}

@online{postgisref,
  author={PostGIS Team},
  title={PostGIS Reference},
  url={https://postgis.net/docs/reference.html},
  urldate={2021-05-12},
}

@online{wmsql,
  author={Motiejus Jakštys},
  title={Wang--M{\"u}ller implementation in PostGIS},
  url={https://github.com/motiejus/wm},
  urldate={2021-05-19},
}

@online{openstreetmap,
  author={OpenStreetMap contributors},
  title={Project that creates and distributes free world's geographic data},
  url={https://www.openstreetmap.org},
  urldate={2021-05-15},
 }

@online{nzt,
  author={Nacionalinė Žemės Tarnyba Prie Žemės Ūkio Ministerijos},
  title={Atviri Duomenys},
  url={http://nzt.lt/go.php/lit/Atviri-duomenys},
  urldate={2021-05-15},
 }

@online{openmapwm,
  author={Tomas Straupis},
  title={Test harness for Wang--M{\"u}ller algorithm},
  url={https://dev.openmap.lt/webgl/wm.html},
  urldate={2021-05-15},
}
